@inbook{Binney_Skinner_2015, 
place={Oxford, UK}, title={8.2}, 
booktitle={The physics of Quantum Mechanics}, 
publisher={Oxford Univ. Press}, 
author={Binney, James and Skinner, David}, 
year={2015}, 
pages={236â€“274}
} 

@misc{CODATA2018,
  author    = {{NIST}},
  title     = {{2018 CODATA Value: electron charge to mass quotient}},
  year      = {2019},
  url       = {https://physics.nist.gov/cuu/Constants/},
  note      = {Retrieved 2024-01-22},
  organization = {NIST Reference on Constants, Units, and Uncertainty},
}

@book{foot2005atomic,
  author = {Foot, C. J.},
  title = {Atomic Physics},
  year = {2005},
  publisher = {Oxford University Press, Incorporated},
  url = {https://ebookcentral.proquest.com/lib/oxford/detail.action?docID=422882},
}

@article{doi:10.1098/rspa.1936.0108,
author = {Jackson, C. V.  and Fowler, Alfred },
title = {The red line of cadmium as a standard of wave-length},
journal = {Proceedings of the Royal Society of London. Series A - Mathematical and Physical Sciences},
volume = {155},
number = {885},
pages = {407-419},
year = {1936},
doi = {10.1098/rspa.1936.0108},
URL = {https://royalsocietypublishing.org/doi/abs/10.1098/rspa.1936.0108},
eprint = {https://royalsocietypublishing.org/doi/pdf/10.1098/rspa.1936.0108}
}

@misc{FabryPerotEtalonGuide,
    author = "{JHS}",
    organisation = "{University of Oxford}",
    title = "{AD21 A guide to the Fabry-Perot etalon}",
    year = "1996",
    howpublished = "\url{https://www-teaching.physics.ox.ac.uk/practical_course/Admin/AD21.pdf}",
    note = "Revised October 2021"
}

@article{Polyanskiy2024,
  author    = {Polyanskiy, Mikhail N.},
  title     = {Refractiveindex.info database of optical constants},
  journal   = {Scientific Data},
  volume    = {11},
  number    = {1},
  pages     = {94},
  year      = {2024},
  doi       = {10.1038/s41597-023-02898-2},
  url       = {https://doi.org/10.1038/s41597-023-02898-2},
}

@ARTICLE{henelaser,
       author = {{Niebauer}, T.~M. and {Faller}, James E. and {Godwin}, H.~M. and {Hall}, John L. and {Barger}, R.~L.},
        title = "{Frequency stability measurements on polarization-stabilized He-Ne lasers}",
     keywords = {Frequency Stability, Helium-Neon Lasers, Laser Outputs, Laser Stability, Polarization Characteristics, Doppler Effect, Frequency Shift, Heterodyning, Least Squares Method, Lasers and Masers, LASERS: HE-NE, POLARIZATION},
         year = 1988,
        month = apr,
       volume = {27},
        pages = {1285},
          doi = {10.1364/AO.27.001285},
       adsurl = {https://ui.adsabs.harvard.edu/abs/1988ApOpt..27.1285N},
      adsnote = {Provided by the SAO/NASA Astrophysics Data System}
}
